% !Mode:: "TeX:UTF-8"


@article{survey,
  title = "Multi-atlas segmentation of biomedical images: A survey ",
  journal = "Medical Image Analysis ",
  volume = "24",
  number = "1",
  pages = "205 - 219",
  year = "2015",
  note = "",
  issn = "1361-8415",
  doi = "https://doi.org/10.1016/j.media.2015.06.012",
  url = "http://www.sciencedirect.com/science/article/pii/S1361841515000997",
  author = "Juan Eugenio Iglesias and Mert R. Sabuncu",
  keywords = "Multi-atlas segmentation",
  keywords = "Label fusion",
  keywords = "Survey "
}

@book{itkbook2,
  author = {Johnson, Hans J and McCormick, Matthew M and Ibanez, Luis},
  publisher = {Kitware, Inc.},
  title = {Template:The ITK Software Guide Book 2: Design and Functionality-Volume 2},
  year = {2015}
}

@book{itkbook1,
  author = {Johnson, Hans J and McCormick, Matthew M and Ibanez, Luis},
  publisher = {Kitware, Inc.},
  title = {Template:The ITK Software Guide Book 1: Introduction and Development Guidelines-Volume 1},
  year = {2015}
}

@article{Tange2011a,
  title = {GNU Parallel - The Command-Line Power Tool},
  author = {O. Tange},
  address = {Frederiksberg, Denmark},
  journal = {;login: The USENIX Magazine},
  month = {Feb},
  number = {1},
  volume = {36},
  url = {http://www.gnu.org/s/parallel},
  year = {2011},
  pages = {42-47},
  doi = {http://dx.doi.org/10.5281/zenodo.16303}
}

@article{ANTsBspline, 
  author={N. J. Tustison and B. B. Avants and J. C. Gee}, 
  journal={IEEE Transactions on Image Processing}, 
  title={Directly Manipulated Free-Form Deformation Image Registration}, 
  year={2009}, 
  volume={18}, 
  number={3}, 
  pages={624-635}, 
  keywords={brain;gradient methods;image registration;medical image processing;optimisation;splines (mathematics);3D-whole brain registration technique;cubic B-splines;free-form deformation approach;generic FFD framework;gradient-based optimization;medical image analysis;scalar field fitting technique;B-splines;directly manipulated free-form deformation;free-form deformation (FFD);image registration;preconditioner;Algorithms;Artificial Intelligence;Brain;Humans;Image Enhancement;Image Interpretation, Computer-Assisted;Imaging, Three-Dimensional;Magnetic Resonance Imaging;Pattern Recognition, Automated;Reproducibility of Results;Sensitivity and Specificity;Subtraction Technique}, 
  doi={10.1109/TIP.2008.2010072}, 
  ISSN={1057-7149}, 
  month={March}
}

@article{ANTsReg,
  title = {A reproducible evaluation of \{ANTs\} similarity metric performance in brain image registration },
  journal = {NeuroImage },
  volume = {54},
  number = "3",
  pages = "2033 - 2044",
  year = "2011",
  note = "",
  issn = "1053-8119",
  doi = "https://doi.org/10.1016/j.neuroimage.2010.09.025",
  url = "http://www.sciencedirect.com/science/article/pii/S1053811910012061",
  author = "Brian B. Avants and Nicholas J. Tustison and Gang Song and Philip A. Cook and Arno Klein and James C. Gee"
}



%[2] X. F. Liu, B. Z. Wang, W. Shao. A marching-on-in-order scheme for exact attenuation constant extraction of lossy transmission lines[C]. China-Japan Joint Microwave Conference Proceedings, Chengdu, 2006, 527-529
@conference{liuxf2006,
  author =       {Liu,X F and Wang,B Z and Shao,W},
  title =        {A marching-on-in-order scheme for exact attenuation constant extraction of lossy transmission lines},
  year =         {2006},
  pages  =       {527-529},
  address =      {Chengdu},
  publisher =    {China-Japan Joint Microwave Conference Proceedings}
}


%[5] 顾春.牢牢把握稳中求进的总基调[N].人民日报，2012年3月31日
@newspaper{gu2012lao,
  AUTHOR =       {顾春},
  TITLE =        {牢牢把握稳中求进的总基调},
  JOURNAL =      {人民日报},
  date =         {2012年3月31日},
  language =     {Chinese}
}

%[6] 冯西桥.核反应堆压力容器的LBB分析[R].北京：清华大学核能技术设计研究院，1997年6月25日
@techreport{feng997he,
  AUTHOR =       {冯西桥},
  TITLE =        {核反应堆压力容器的LBB分析},
  institution =  {清华大学核能技术设计研究院},
  date =         {1997年6月25日},
  address =      {北京},
  language =     {Chinese}
}

%[7] 肖珍新.一种新型排渣阀调节降温装置[P].中国，实用新型专利，ZL201120085830.0, 2012年4月25日
@patent{xiao2012yi,
  AUTHOR =       {肖珍新},
  TITLE =        {一种新型排渣阀调节降温装置},
  date =         {2012年4月25日},
  type =         {实用新型专利},
  country =      {中国},
  patentid =     {ZL201120085830.0},
  language =     {Chinese}
}

%[8] 中华人民共和国国家技术监督局.GB3100-3102.中华人民共和国国家标准--量与单位[S]. 北京：中国标准出版社，1994年11月1日
@standard{zhong1994zhong,
  AUTHOR =       {中华人民共和国国家技术监督局},
  number =       {GB3100-3102},
  TITLE =        {中华人民共和国国家标准--量与单位},
  PUBLISHER =    {中国标准出版社},
  date =         {1994年11月1日},
  address =      {北京},
  language =     {Chinese}
}

%[9] M. Clerc. Discrete particle swarm optimization: a fuzzy combinatorial box[EB/OL]. http://clere.maurice.free.fr/pso/Fuzzy_Discrere_PSO/Fuzzy_DPSO.htm, July 16, 2010
@digital{clerc2010discrete,
  author =       {M. Clerc},
  title =        {Discrete particle swarm optimization: a fuzzy combinatorial box},
  TypeofLit =    {EB/OL},
  date=          {July 16, 2010},
  url =          {http://clere.maurice.free.fr/pso/Fuzzy_Discrere_PSO/Fuzzy_DPSO.htm},
  language =     {}
}

